@phdthesis{sottile2003,
  TITLE = {{Response functions of semiconductors and insulators : from the Bethe-Salpeter equation to time-dependent density functional theory}},
  AUTHOR = {Sottile, Francesco},
  URL = {https://pastel.archives-ouvertes.fr/tel-00007531},
  SCHOOL = {{Ecole Polytechnique X}},
  YEAR = {2003},
  MONTH = Sep,
  KEYWORDS = {mati{\`e}re condens{\'e}e ; structure {\'e}lectronique},
  TYPE = {Theses},
  PDF = {https://pastel.archives-ouvertes.fr/tel-00007531/file/tel-00007531.pdf},
  HAL_ID = {tel-00007531},
  HAL_VERSION = {v1},
}
@article{Hohenberg1964,
  title = {Inhomogeneous Electron Gas},
  author = {Hohenberg, P. and Kohn, W.},
  journal = {Phys. Rev.},
  volume = {136},
  issue = {3B},
  pages = {B864--B871},
  numpages = {0},
  year = {1964},
  month = {Nov},
  publisher = {American Physical Society},
  doi = {10.1103/PhysRev.136.B864},
  url = {http://link.aps.org/doi/10.1103/PhysRev.136.B864}
}
@article{Kohn1965,
  title = {Self-Consistent Equations Including Exchange and Correlation Effects},
  author = {Kohn, W. and Sham, L. J.},
  journal = {Phys. Rev.},
  volume = {140},
  issue = {4A},
  pages = {A1133--A1138},
  numpages = {0},
  year = {1965},
  month = {Nov},
  publisher = {American Physical Society},
  doi = {10.1103/PhysRev.140.A1133},
  url = {http://link.aps.org/doi/10.1103/PhysRev.140.A1133}
}
@book{Martin2004,
  place={Cambridge},
  title={Electronic Structure: Basic Theory and Practical Methods},
  DOI={10.1017/CBO9780511805769},
  publisher={Cambridge University Press},
  author={Martin, Richard M.},
  year={2004}
}
@article{Runge1984,
  title = {Density-Functional Theory for Time-Dependent Systems},
  author = {Runge, Erich and Gross, E. K. U.},
  journal = {Phys. Rev. Lett.},
  volume = {52},
  issue = {12},
  pages = {997--1000},
  numpages = {0},
  year = {1984},
  month = {Mar},
  publisher = {American Physical Society},
  doi = {10.1103/PhysRevLett.52.997},
  url = {http://link.aps.org/doi/10.1103/PhysRevLett.52.997}
}
@book{Abrikosov1963,
abstract = {Acclaimed by American Scientist as "a classic text on field theoretic methods in statistical physics," this comprehensive introduction to the many-body theory and its ramifications was written by three internationally known Russian physicists. It constitutes an invaluable guide to physicists, mathematicians, and others involved in statistical and solid state physics.},
author = {Abrikosov, a a and Gorkov, L P and Dzialoshinskii, I E},
booktitle = {Physics Today},
isbn = {9780486632285},
issn = {00319228},
pages = {384},
pmid = {278883},
title = {{Methods of quantum field theory in statistical physics}},
year = {1963}
}
@article{Born1927,
abstract = {Es wird gezeigt, dass die bekannten Anteile der Terme einer Molekel, die der Energie der Elektronenbewegung , der Kernschwingungen und der Rotationen entsprechen, systematisch als die Glieder einer Potenzentwicklung nach der vierten Wurzel des Verh{\"{a}}ltnisses Elektronenmasse zu (mittlerer) Kernmasse gewonnen werden k{\"{o}}nnen. Das Verfahren liefert u. a. eine Gleichung f{\"{u}}r die Rotationen, die eine Verallgemeinerung des Ansatzes vonKRramers und Pauli (Kreisel mit eingebautem Schwungrad) darstellt. Ferner ergibt sich eine Rechtfertigung der von Franck und Condon angestellten Betrachtungen {\"{u}}ber die Intensit{\"{a}}t von Bandenlinien. Die Verhaltnisse werden am Beispiel der zwei- atomigen Molekeln erlautert.},
archivePrefix = {arXiv},
arxivId = {1206.4239},
author = {Born, M. and Oppenheimer, R.},
doi = {10.1002/andp.19273892002},
eprint = {1206.4239},
isbn = {1432-881X},
issn = {15213889},
journal = {Annalen der Physik},
number = {20},
pages = {457--484},
pmid = {23249081},
title = {{Zur Quantentheorie der Molekeln}},
volume = {389},
year = {1927}
}
@article{Langreth1980,
  title = {Theory of nonuniform electronic systems. I. Analysis of the gradient approximation and a generalization that works},
  author = {Langreth, David C. and Perdew, John P.},
  journal = {Phys. Rev. B},
  volume = {21},
  issue = {12},
  pages = {5469--5493},
  numpages = {0},
  year = {1980},
  month = {Jun},
  publisher = {American Physical Society},
  doi = {10.1103/PhysRevB.21.5469},
  url = {http://link.aps.org/doi/10.1103/PhysRevB.21.5469}
}
@article{Perdew1986,
  title = {Accurate and simple density functional for the electronic exchange energy: Generalized gradient approximation},
  author = {Perdew, John P. and Yue, Wang},
  journal = {Phys. Rev. B},
  volume = {33},
  issue = {12},
  pages = {8800--8802},
  numpages = {0},
  year = {1986},
  month = {Jun},
  publisher = {American Physical Society},
  doi = {10.1103/PhysRevB.33.8800},
  url = {http://link.aps.org/doi/10.1103/PhysRevB.33.8800}
}
@article{Perdew1992,
  title = {Atoms, molecules, solids, and surfaces: Applications of the generalized gradient approximation for exchange and correlation},
  author = {Perdew, John P. and Chevary, J. A. and Vosko, S. H. and Jackson, Koblar A. and Pederson, Mark R. and Singh, D. J. and Fiolhais, Carlos},
  journal = {Phys. Rev. B},
  volume = {46},
  issue = {11},
  pages = {6671--6687},
  numpages = {0},
  year = {1992},
  month = {Sep},
  publisher = {American Physical Society},
  doi = {10.1103/PhysRevB.46.6671},
  url = {http://link.aps.org/doi/10.1103/PhysRevB.46.6671}
}